@inproceedings{yao2016pkuicst,
  title={PKUICST at TREC 2016 Real-Time Summarization Track: Push Notifications and Email Digest.},
  author={Yao, Lili and Lv, Chao and Fan, Feifan and Yang, Jianwu and Zhao, Dongyan},
  booktitle={TREC},
  year={2016}
}

@article{lvpkuicst,
  title={PKUICST at TREC 2015 Microblog Track: Query-biased Adaptive Filtering in Real-time Microblog Stream},
  author={Lv, Feifan Fan Yue Fei Chao and Yang, Lili Yao Jianwu and Zhao, Dongyan},
  year={2015}
}

@article{qiangpkuicst,
  title={PKUICST at TREC 2014 Microblog Track: Feature Extraction for Effective Microblog Search and Adaptive Clustering Algorithms for TTG},
  author={Qiang, Chao Lv Feifan Fan Runwei and Yang, Yue Fei Jianwu},
  year={2014}
}



@techreport{lin2014overview,
  title={Overview of the TREC-2014 Microblog track},
  author={Lin, Jimmy and Efron, Miles and Wang, Yulu and Sherman, Garrick},
  year={2014},
  institution={DTIC Document}
}


@inproceedings{ounis2011overview,
  title={Overview of the trec-2011 microblog track},
  author={Ounis, Iadh and Macdonald, Craig and Lin, Jimmy and Soboroff, Ian},
  booktitle={Proceeddings of the 20th Text REtrieval Conference (TREC 2011)},
  volume={32},
  year={2011}
}

@article{arlington2008google,
  title={Google's misleading blog post: the size of the web and the size of their index are very different},
  author={Arlington, M},
  journal={Available on http://techcrunch. com},
  year={2008}
}

@inproceedings{charikar2002similarity,
  title={Similarity estimation techniques from rounding algorithms},
  author={Charikar, Moses S},
  booktitle={Proceedings of the thiry-fourth annual ACM symposium on Theory of computing},
  pages={380--388},
  year={2002},
  organization={ACM}
}

@inproceedings{TREC2014,
  author    = {Jimmin Lin and
               Miles Efron and
               Yulu Wang and 
               Garrick Sherman},
  title     = {Overview of the TREC-2014 Microblog Track},
  booktitle = {Proceedings of the TREC 2014},
  year      = {2014},
}

@inproceedings{liang2012exploiting,
  title={Exploiting real-time information retrieval in the microblogosphere},
  author={Liang, Feng and Qiang, Runwei and Yang, Jianwu},
  booktitle={Proceedings of the 12th ACM/IEEE-CS joint conference on Digital Libraries},
  pages={267--276},
  year={2012},
  organization={ACM}
}

@inproceedings{lv2009comparative,
    added-at = {2009-11-17T00:00:00.000+0100},
    author = {Lv, Yuanhua and Zhai, ChengXiang},

    booktitle = {CIKM},
    date = {2009-11-17},
    description = {dblp},
    ee = {http://doi.acm.org/10.1145/1645953.1646259},
    interhash = {0bfb140778bacb4007b5d86721d49a97},
    intrahash = {fcd7960999755677f827170f05a00bf9},
    isbn = {978-1-60558-512-3},
    keywords = {dblp},
    pages = {1895-1898},
    timestamp = {2009-11-17T00:00:00.000+0100},
    title = {A comparative study of methods for estimating query language models with pseudo feedback.},

    year = 2009
}

@incollection{fei2015handling,
  title={Handling Topic Drift for Topic Tracking in Microblogs},
  author={Fei, Yue and Hong, Yihong and Yang, Jianwu},
  booktitle={Advances in Information Retrieval},
  pages={477--488},
  year={2015},
  publisher={Springer}
}

@inproceedings{albakour2013sparsity,
    added-at = {2013-11-07T00:00:00.000+0100},
    author = {Albakour, M.-Dyaa and Macdonald, Craig and Ounis, Iadh},

    booktitle = {CIKM},

    ee = {http://doi.acm.org/10.1145/2505515.2505709},
    interhash = {3616e2cd9083f46a5e31fe89feecc59e},
    intrahash = {a8b09973c6d5340ebfd300c6a920b838},
    isbn = {978-1-4503-2263-8},
    keywords = {dblp},
    pages = {419-428},
    timestamp = {2013-11-07T00:00:00.000+0100},
    title = {On sparsity and drift for effective real-time filtering in microblogs.},

    year = 2013
}

@inproceedings{zhai2011mbfb,
    added-at = {2010-09-23T09:35:17.000+0200},
    author = {Zhai, ChengXiang and Lafferty, John D.},

    booktitle = {CIKM},

    description = {dblp},
    interhash = {743d907deb209cc46c998a1d575b886b},
    intrahash = {82334d13f69ab43eed3057fa044ae801},
    isbn = {1-58113-436-3},
    keywords = {co-occurrence feedback ir},
    pages = {403-410},
    timestamp = {2010-09-23T09:35:17.000+0200},
    title = {Model-based Feedback in the Language Modeling Approach to Information Retrieval.},

    year = 2001
}

@inproceedings{CNN,
  author    = {Yoshua Bengio and
               Yann LeCun and
               Donnie Henderson},
  title     = {Globally Trained Handwritten Word Recognizer Using Spatial Representation,
               Convolutional Neural Networks, and Hidden Markov Models},
  booktitle = {Advances in Neural Information Processing Systems 6, [7th {NIPS} Conference,
               Denver, Colorado, USA, 1993]},
  pages     = {937--944},
  year      = {1993},
}



@article{bm25-2,
  author    = {Karen Sparck Jones and
               Steve Walker and
               Stephen E. Robertson},
  title     = {A probabilistic model of information retrieval: development and comparative
               experiments - Part 2},
  journal   = {Inf. Process. Manage.},
  volume    = {36},
  number    = {6},
  pages     = {809--840},
  year      = {2000},
}


@article{bm25-1,
  author    = {Karen Sparck Jones and
               Steve Walker and
               Stephen E. Robertson},
  title     = {A probabilistic model of information retrieval: development and comparative
               experiments - Part 1},
  journal   = {Inf. Process. Manage.},
  volume    = {36},
  number    = {6},
  pages     = {779--808},
  year      = {2000},
}

@inproceedings{image,
  author    = {Ryan Kiros and
               Ruslan Salakhutdinov and
               Richard S. Zemel},
  title     = {Multimodal Neural Language Models},
  booktitle = {Proceedings of the 31th International Conference on Machine Learning,
               {ICML} 2014, Beijing, China, 21-26 June 2014},
  pages     = {595--603},
  year      = {2014},
}

@inproceedings{attribute,
  author    = {Ryan Kiros and
               Richard S. Zemel and
               Ruslan R. Salakhutdinov},
  title     = {A Multiplicative Model for Learning Distributed Text-Based Attribute
               Representations},
  booktitle = {Advances in Neural Information Processing Systems 27: Annual Conference
               on Neural Information Processing Systems 2014, December 8-13 2014,
               Montreal, Quebec, Canada},
  pages     = {2348--2356},
  year      = {2014},
}

@inproceedings{entity2,
  author    = {Richard Socher and
               Danqi Chen and
               Christopher D. Manning and
               Andrew Y. Ng},
  title     = {Reasoning With Neural Tensor Networks for Knowledge Base Completion},
  booktitle = {Advances in Neural Information Processing Systems 26: 27th Annual
               Conference on Neural Information Processing Systems 2013. Proceedings
               of a meeting held December 5-8, 2013, Lake Tahoe, Nevada, United States.},
  pages     = {926--934},
  year      = {2013},
}

@inproceedings{entity1,
  author    = {Antoine Bordes and
               Nicolas Usunier and
               Alberto Garc{\'{\i}}a{-}Dur{\'{a}}n and
               Jason Weston and
               Oksana Yakhnenko},
  title     = {Translating Embeddings for Modeling Multi-relational Data},
  booktitle = {Advances in Neural Information Processing Systems 26: 27th Annual
               Conference on Neural Information Processing Systems 2013. Proceedings
               of a meeting held December 5-8, 2013, Lake Tahoe, Nevada, United States.},
  pages     = {2787--2795},
  year      = {2013},
}

@inproceedings{phrases,
  author    = {Tomas Mikolov and
               Ilya Sutskever and
               Kai Chen and
               Gregory S. Corrado and
               Jeffrey Dean},
  title     = {Distributed Representations of Words and Phrases and their Compositionality},
  booktitle = {Advances in Neural Information Processing Systems 26: 27th Annual
               Conference on Neural Information Processing Systems 2013. Proceedings
               of a meeting held December 5-8, 2013, Lake Tahoe, Nevada, United States.},
  pages     = {3111--3119},
  year      = {2013},
}

@inproceedings{paragraph_vector,
  author    = {Quoc V. Le and
               Tomas Mikolov},
  title     = {Distributed Representations of Sentences and Documents},
  booktitle = {Proceedings of the 31th International Conference on Machine Learning,
               {ICML} 2014, Beijing, China, 21-26 June 2014},
  pages     = {1188--1196},
  year      = {2014},
}


@article{word_to_vector,
  author    = {Tomas Mikolov and
               Kai Chen and
               Greg Corrado and
               Jeffrey Dean},
  title     = {Efficient Estimation of Word Representations in Vector Space},
  journal   = {CoRR},
  volume    = {abs/1301.3781},
  year      = {2013},
}


@article{nlm,
  author    = {Yoshua Bengio and
               R{\'{e}}jean Ducharme and
               Pascal Vincent and
               Christian Janvin},
  title     = {A Neural Probabilistic Language Model},
  journal   = {Journal of Machine Learning Research},
  volume    = {3},
  pages     = {1137--1155},
  year      = {2003},
}

@inproceedings{xu-cikm-2012,
  author    = {Xueke Xu and
               Songbo Tan and
               Yue Liu and
               Xueqi Cheng and
               Zheng Lin},
  title     = {Towards jointly extracting aspects and aspect-specific sentiment knowledge},
  booktitle = {21st {ACM} International Conference on Information and Knowledge Management,
               CIKM'12, Maui, HI, USA, October 29 - November 02, 2012},
  pages     = {1895--1899},
  year      = {2012},
}

@InProceedings{zhao-EtAl:2010:EMNLP,
  author    = {Zhao, Xin  and  Jiang, Jing  and  Yan, Hongfei  and  Li, Xiaoming},
  title     = {Jointly Modeling Aspects and Opinions with a {MaxEnt}-{LDA} Hybrid},
  booktitle = {Proceedings of the 2010 Conference on Empirical Methods in Natural Language Processing},
  month     = {October},
  year      = {2010},
  address   = {Cambridge, MA},
  publisher = {Association for Computational Linguistics},
  pages     = {56--65},
  url       = {http://www.aclweb.org/anthology/D10-1006}
}


@INPROCEEDINGS{Jindal+Liu:08a,
  author = {Nitin Jindal and Bing Liu},
  title = {Opinion spam and analysis},
  booktitle = {Proceedings of the Conference on Web Search and Web Data Mining (WSDM)},
  year = {2008},
  pages = {219--230}
}

@INPROCEEDINGS{Archak+Ghose+Ipeirotis:07a,
  author = {Nikolay Archak and Anindya Ghose and Panagiotis Ipeirotis},
  title = {Show me the money! {Deriving} the Pricing Power of Product Features
	by Mining Consumer Reviews},
  booktitle = {Proceedings of the ACM SIGKDD Conference on Knowledge Discovery and
	Data Mining (KDD)},
  year = {2007}
}

@INPROCEEDINGS{Branavan+al:08a,
  author = {S. R. K. Branavan and Harr Chen and Jacob Eisenstein and Regina Barzilay},
  title = {Learning document-level semantic properties from free-text annotations},
  booktitle = {Proceedings of the Association for Computational Linguistics (ACL)},
  year = {2008}
}

@INPROCEEDINGS{Breck+Choi+Cardie:07a,
  author = {Eric Breck and Yejin Choi and Claire Cardie},
  title = {Identifying expressions of opinion in context},
  booktitle = {Proceedings of the International Joint Conference on Artificial Intelligence
	(IJCAI)},
  year = {2007},
  address = {Hyderabad, India}
}

@INPROCEEDINGS{Mei+al:07a,
  author = {Qiaozhu Mei and Xu Ling and Matthew Wondra and Hang Su and ChengXiang
	Zhai},
  title = {Topic sentiment mixture: {Modeling} facets and opinions in weblogs},
  booktitle = {Proceedings of WWW},
  year = {2007},
  pages = {171--180},
  address = {New York, NY, USA},
  publisher = {ACM Press},
  annote = {16th www},
  isbn = {978-1-59593-654-7},
  location = {Banff, Alberta, Canada}
}


@article{santos-corr-2013,
  author    = {Elizeu Santos{-}Neto and
               David Condon and
               Nazareno Andrade and
               Adriana Iamnitchi and
               Matei Ripeanu},
  title     = {Reuse, Temporal Dynamics, Interest Sharing, and Collaboration in Social
               Tagging Systems},
  journal   = {CoRR},
  volume    = {abs/1301.6191},
  year      = {2013},
  url       = {http://arxiv.org/abs/1301.6191},
}

@inproceedings{ganu2009beyond,
  title={Beyond the Stars: Improving Rating Predictions using Review Text Content.},
  author={Ganu, Gayatree and Elhadad, Noemie and Marian, Am{\'e}lie},
  booktitle={Proceedings of the 12th International Workshop on the Web and Databases (WebDB)},
  year={2009}
}

@article{Ganu:2013:IQP,
 author = {Ganu, Gayatree and Kakodkar, Yogesh and Marian, Am{\'e}Lie},
 title = {Improving the Quality of Predictions Using Textual Information in Online User Reviews},
 journal = {Inf. Syst.},
 volume = {38},
 number = {1},
 year = {2013},
 pages = {1--15},
} 


@inproceedings{Seroussi2011,
 author = {Seroussi, Yanir and Bohnert, Fabian and Zukerman, Ingrid},
 title = {Personalised Rating Prediction for New Users Using Latent Factor Models},
 booktitle = {Proceedings of the 22Nd ACM Conference on Hypertext and Hypermedia},
 year = {2011},
 pages = {47--56},
} 

@article{lekakos2007hybrid,
  title={A hybrid approach for improving predictive accuracy of collaborative filtering algorithms},
  author={Lekakos, George and Giaglis, George M},
  journal={User Modeling and User-Adapted Interaction},
  volume={17},
  number={1-2},
  pages={5--40},
  year={2007},
}

@article{pazzani1999framework,
  title={A framework for collaborative, content-based and demographic filtering},
  author={Pazzani, Michael J},
  journal={Artificial Intelligence Review},
  volume={13},
  number={5-6},
  pages={393--408},
  year={1999},
}

@article{Ma:2011:IRS,
 author = {Ma, Hao and Zhou, Tom Chao and Lyu, Michael R. and King, Irwin},
 title = {Improving Recommender Systems by Incorporating Social Contextual Information},
 journal = {ACM Trans. Inf. Syst.},
 volume = {29},
 number = {2},
 year = {2011},
 pages = {9:1--9:23},
} 

@inproceedings{Tang:2012:KDD,
 author = {Tang, Jiliang and Gao, Huiji and Liu, Huan and Das Sarma, Atish},
 title = {eTrust: Understanding Trust Evolution in an Online World},
 booktitle = {Proceedings of the 18th ACM SIGKDD International Conference on Knowledge Discovery and Data Mining},
 year = {2012},
 pages = {253--261},
 } 

@inproceedings{jamali2009trustwalker,
  title={TrustWalker: a random walk model for combining trust-based and item-based recommendation},
  author={Jamali, Mohsen and Ester, Martin},
  booktitle={Proceedings of the 15th ACM SIGKDD international conference on Knowledge discovery and data mining},
  pages={397--406},
  year={2009},
}

@inproceedings{massa2007trust,
  title={Trust-aware recommender systems},
  author={Massa, Paolo and Avesani, Paolo},
  booktitle={Proceedings of the 2007 ACM conference on Recommender systems},
  pages={17--24},
  year={2007},
} 

@inproceedings{hu-icdm-08,
 author = {Hu, Yifan and Koren, Yehuda and Volinsky, Chris},
 title = {Collaborative Filtering for Implicit Feedback Datasets},
 booktitle = {Proceedings of the 2008 Eighth IEEE International Conference on Data Mining},
 series = {ICDM '08},
 year = {2008},
 isbn = {978-0-7695-3502-9},
 pages = {263--272},
 numpages = {10},
 doi = {10.1109/ICDM.2008.22},
 acmid = {1511352},
 publisher = {IEEE Computer Society},
 address = {Washington, DC, USA},
} 


@inproceedings{mcglohon-icwsm-2010,
  added-at = {2010-09-01T00:00:00.000+0200},
  author = {McGlohon, Mary and Glance, Natalie S. and Reiter, Zach},
  booktitle = {ICWSM},  keywords = {dblp},
  publisher = {The AAAI Press},
  timestamp = {2010-09-01T00:00:00.000+0200},
  title = {Star Quality: Aggregating Reviews to Rank Products and Merchants.},
  year = 2010
}




@inproceedings{Zhao-kdd-2014,
 author = {Zhao, Xin Wayne and Guo, Yanwei and He, Yulan and Jiang, Han and Wu, Yuexin and Li, Xiaoming},
 title = {We Know What You Want to Buy: A Demographic-based System for Product Recommendation on Microblogs},
 booktitle = {Proceedings of the 20th ACM SIGKDD International Conference on Knowledge Discovery and Data Mining},
 series = {KDD '14},
 year = {2014},
 isbn = {978-1-4503-2956-9},
 location = {New York, New York, USA},
 pages = {1935--1944},
 numpages = {10},
 url = {http://doi.acm.org/10.1145/2623330.2623351},
 doi = {10.1145/2623330.2623351},
 acmid = {2623351},
 publisher = {ACM},
 address = {New York, NY, USA},
} 

@article{Koren-2009-jc,
 author = {Koren, Yehuda and Bell, Robert and Volinsky, Chris},
 title = {Matrix Factorization Techniques for Recommender Systems},
 journal = {Computer},
 issue_date = {August 2009},
 volume = {42},
 number = {8},
 month = aug,
 year = {2009},
 issn = {0018-9162},
 pages = {30--37},
 numpages = {8},
 doi = {10.1109/MC.2009.263},
 acmid = {1608614},
 publisher = {IEEE Computer Society Press},
 address = {Los Alamitos, CA, USA},
} 


@book{cohen-book-2005,
 author = {William A. Cohen},
 title = {The Marketing Plan},
 year = {2005},
 isbn = {978-0-471-75529-6},
 publisher = {Wiley},
} 


@ARTICLE{Pang+Lee:08b,
  author = {Bo Pang and Lillian Lee},
  title = {Opinion mining and sentiment analysis},
  journal = {Foundations and Trends in Information Retrieval},
  year = {2008},
  volume = {2},
  pages = {1--135},
  number = {1-2}
}

@INPROCEEDINGS{Hu+Liu:04b,
  author = {Minqing Hu and Bing Liu},
  title = {Mining and summarizing customer reviews},
  booktitle = {Proceedings of the ACM SIGKDD Conference on Knowledge Discovery and
	Data Mining (KDD)},
  year = {2004},
  pages = {168-177},
}

@INPROCEEDINGS{Liu+al:07b,
  author = {Yang Liu and Jimmy Huang and Aijun An and Xiaohui Yu},
  title = {{ARSA}: A Sentiment-Aware Model for Predicting Sales Performance
	Using Blogs},
  booktitle = {Proceedings of the ACM Special Interest Group on Information Retrieval
	(SIGIR)},
  year = {2007}
}


@inproceedings{bak-acl-2012,
 author = {Bak, Jin Yeong and Kim, Suin and Oh, Alice},
 title = {Self-disclosure and Relationship Strength in Twitter Conversations},
 series = {ACL '12},
 year = {2012},
} 

@inproceedings{wang-sigir-2013,
 author = {Wang, Jian and Zhang, Yi},
 title = {Opportunity Model for e-Commerce Recommendation: Right Product; Right Time},
 series = {SIGIR '13},
 year = {2013},
}

@inproceedings{pang-acl-2004,
 author = {Pang, Bo and Lee, Lillian},
 title = {A Sentimental Education: Sentiment Analysis Using Subjectivity Summarization Based on Minimum Cuts},
 series = {ACL '04},
 year = {2004},
} 

@inproceedings{esuli-eacl-2006,
  author = {Esuli, A. and Sebastiani, F.},
  booktitle = {EACL},
  title = {Determining term subjectivity and term orientation for opinion mining},
  year = 2006
}


@article{zeithaml-jm-1985,
  author    = {Zeithaml, Valarie A},
  title     = {The New Demographics and Market Fragmentation},
  journal   = {Journal of Marketing},
  volume    = {49},
  year      = {1985},
  pages     = {64-75},
}


@article{sridhar-xjm-2007,
  author    = {Sridhar, G.},
  title     = {Consumer Involvement in Product Choice - A Demographic Analysis},
  journal   = {XIMB Journal of Management},
  year      = {2007},
}



@inproceedings{mislove-wsdm-2010,
 author = {Mislove, Alan and Viswanath, Bimal and Gummadi, Krishna P. and Druschel, Peter},
 title = {You Are Who You Know: Inferring User Profiles in Online Social Networks},
 series = {WSDM '10},
 year = {2010},
} 

@inproceedings{bi-www-2013,
 author = {Bi, Bin and Shokouhi, Milad and Kosinski, Michal and Graepel, Thore},
 title = {Inferring the Demographics of Search Users: Social Data Meets Search Queries},
 series = {WWW '13},
 year = {2013},
} 

@article{us-demo-2012,
  author    = {},
  title     = {US Demographic and Business Summary Data},
  journal   = {Product guide},
  year      = {2012},
}

@article{nikolaos-esa-2013,
  author    = {Nikolaos Korfiatis and
               Marios Poulos},
  title     = {Using online consumer reviews as a source for demographic
               recommendations: A case study using online travel reviews},
  journal   = {Expert Syst. Appl.},
  volume    = {40},
  number    = {14},
  year      = {2013},
}

@article{qiu-ijhcs-2010,
 author = {Qiu, Lingyun and Benbasat, Izak},
 title = {A Study of Demographic Embodiments of Product Recommendation Agents in Electronic Commerce},
 journal = {Int. J. Hum.-Comput. Stud.},
 volume = {68},
 number = {10},
 month = oct,
 year = {2010},
 pages = {669--688},
} 

@article{giering-kdd-2008,
 author = {Giering, Michael},
 title = {Retail Sales Prediction and Item Recommendations Using Customer Demographics at Store Level},
 journal = {SIGKDD Explor. Newsl.},
 volume = {10},
 number = {2},
 month = dec,
 year = {2008},
} 

@InProceedings{wang-emnlp-2013,
  author    = {Wang, Jinpeng  and  Zhao, Wayne Xin  and  Wei, Haitian  and  Yan, Hongfei  and  Li, Xiaoming},
  title     = {Mining New Business Opportunities: Identifying Trend related Products by Leveraging Commercial Intents from Microblogs},
  booktitle = {EMNLP},
  year      = {2013},
}

@inproceedings{dai-www-2006,
  author = {Dai, Honghua (Kathy) and Zhao, Lingzhi and Nie, Zaiqing and Wen, Ji-Rong and Wang, Lee and Li, Ying},
  booktitle = {WWW '06},
  title = {Detecting online commercial intention (OCI)},
  year = 2006
}

@inproceedings{hollerit-www-2013,
 author = {Hollerit, Bernd and Kr\"{o}ll, Mark and Strohmaier, Markus},
 title = {Towards Linking Buyers and Sellers: Detecting Commercial Intent on Twitter},
 series = {WWW '13 Companion},
 year = {2013},
} 

@inproceedings{symeonidis-recsys-2011,
 author = {Symeonidis, Panagiotis and Tiakas, Eleftherios and Manolopoulos, Yannis},
 title = {Product Recommendation and Rating Prediction Based on Multi-modal Social Networks},
 series = {RecSys '11},
 year = {2011},
} 

@article{linden-ic-2003,
 author = {Linden, Greg and Smith, Brent and York, Jeremy},
 title = {Amazon.Com Recommendations: Item-to-Item Collaborative Filtering},
 journal = {IEEE Internet Computing},
 volume = {7},
 number = {1},
 month = jan,
 year = {2003},
} 

@inproceedings{sarwar-www-2001,
 author = {Sarwar, Badrul and Karypis, George and Konstan, Joseph and Riedl, John},
 title = {Item-based Collaborative Filtering Recommendation Algorithms},
 series = {WWW '01},
 year = {2001},
} 

@article{xiao-mis-2007,
author = {Xiao, Bo and Benbasat, Izak},
  title = {E-Commerce Product Recommendation Agents: Use, Characteristics, and Impact.},
  journal = {MIS Quarterly},
  pages = {137-209},
  volume = 31,
  year = 2007
}


@article{oracle-2011,
 author = {Oracle},
 title = { Next-Generation Product Recommendations},
 journal = {An Oracle White Paper},
 year = {2011},
} 


@article{adomavicius-2005,
 author = {Adomavicius, Gediminas and Tuzhilin, Alexander},
 title = {Toward the Next Generation of Recommender Systems: A Survey of the State-of-the-Art and Possible Extensions},
 journal = {IEEE TKDE},
 volume = {17},
 number = {6},
 month = jun,
 year = {2005},
} 

@inproceedings{reischach-mum-2009,
 author = {von Reischach, Felix and Michahelles, Florian and Schmidt, Albrecht},
 title = {The Design Space of Ubiquitous Product Recommendation Systems},
 series = {MUM '09},
 year = {2009},
} 

@article{liu-ftir-2009,
 author = {Liu, Tie-Yan},
 title = {Learning to Rank for Information Retrieval},
 journal = {Found. Trends Inf. Retr.},
 volume = {3},
 number = {3},
 month = mar,
 year = {2009},
} 

@article{breiman-ml-2001,
 author = {Breiman, Leo},
 title = {Random Forests},
 journal = {Mach. Learn.},
 volume = {45},
 number = {1},
 month = oct,
 year = {2001},
} 

@article{friedman-2000,
  author = {Friedman, Jerome H.},
  journal = {Annals of Statistics},
  pages = {1189--1232},
  title = {Greedy Function Approximation: A Gradient Boosting Machine},
  volume = 29,
  year = 2000
}


@inproceedings{cao-icml-2007,
 author = {Cao, Zhe and Qin, Tao and Liu, Tie-Yan and Tsai, Ming-Feng and Li, Hang},
 title = {Learning to Rank: From Pairwise Approach to Listwise Approach},
 series = {ICML '07},
 year = {2007},
} 

@inproceedings{joachims-kdd-2006,
 author = {Joachims, Thorsten},
 title = {Training Linear SVMs in Linear Time},
 series = {KDD '06},
 year = {2006},
} 

@article{freund-jmlr-2003,
 author = {Freund, Yoav and Iyer, Raj and Schapire, Robert E. and Singer, Yoram},
 title = {An Efficient Boosting Algorithm for Combining Preferences},
 journal = {J. Mach. Learn. Res.},
 year = {2003},
 pages = {933--969},
} 

@inproceedings{xu-sigir-2007,
 author = {Xu, Jun and Li, Hang},
 title = {AdaRank: A Boosting Algorithm for Information Retrieval},
 series = {SIGIR '07},
 year = {2007},
} 

@inproceedings{burges-icml-2005,
 author = {Burges, Chris and Shaked, Tal and Renshaw, Erin and Lazier, Ari and Deeds, Matt and Hamilton, Nicole and Hullender, Greg},
 title = {Learning to Rank Using Gradient Descent},
 series = {ICML '05},
 year = {2005},
} 


@article{griffiths04finding,
  author={Thomas L. Griffiths and Mark Steyvers},
  title={Finding Scientific Topics},
  journal={PNAS},
  year={2004},
  volume={101},
}

@book{Manning-book-2008,
 author = {Manning, Christopher D. and Raghavan, Prabhakar and Schtze, Hinrich},
 title = {Introduction to Information Retrieval},
 year = {2008},
 isbn = {0521865719, 9780521865715},
 publisher = {Cambridge University Press},
 address = {New York, NY, USA},
} 


@inproceedings{hong-www-2011,
 author = {Hong, Liangjie and Dan, Ovidiu and Davison, Brian D.},
 title = {Predicting popular messages in Twitter},
 booktitle = {Proceedings of the 20th international conference companion on World wide web},
 series = {WWW '11},
 year = {2011},
} 


@inproceedings{yin-sigir-2011,
  author    = {Dawei Yin and
               Liangjie Hong and
               Xiong Xiong and
               Brian D. Davison},
  title     = {Link formation analysis in microblogs},
  booktitle = {SIGIR},
  year      = {2011},
  pages     = {1235-1236},
  ee        = {http://doi.acm.org/10.1145/2009916.2010136},
  crossref  = {DBLP:conf/sigir/2011},
  bibsource = {DBLP, http://dblp.uni-trier.de}
}

@inproceedings{janette-www-2012,
  author    = {Janette Lehmann and
               Bruno Gon\c{c}alves and
               Jose J. Ramasco and
               Ciro Cattuto},
  title     = {Dynamical classes of collective attention in twitter},
  booktitle = {WWW},
  year      = {2012},
}

@inproceedings{daniel-www-2011,
  author    = {Daniel M. Romero and
               Brendan Meeder and
               Jon M. Kleinberg},
  title     = {Differences in the mechanics of information diffusion across
               topics: idioms, political hashtags, and complex contagion
               on twitter},
  booktitle = {WWW},
  year      = {2011},
}

@inproceedings{wang-cikm-2011,
  author    = {Xiaolong Wang and
               Furu Wei and
               Xiaohua Liu and
               Ming Zhou and
               Ming Zhang},
  title     = {Topic sentiment analysis in twitter: a graph-based hashtag
               sentiment classification approach},
  booktitle = {CIKM},
  year      = {2011},
}

@inproceedings{tsur-wsdm-2012,
  author    = {Oren Tsur and
               Ari Rappoport},
  title     = {What's in a hashtag?: content based prediction of the spread
               of ideas in microblogging communities},
  booktitle = {WSDM},
  year      = {2012},
 }


@inproceedings{Pal-wsdm-2011,
 author = {Pal, Aditya and Counts, Scott},
 title = {Identifying topical authorities in microblogs},
 booktitle = {Proceedings of the fourth ACM international conference on Web search and data mining},
 series = {WSDM},
 year = {2011},
} 


@inproceedings{Deng-2009-kdd,
 author = {Deng, Hongbo and Lyu, Michael R. and King, Irwin},
 title = {A generalized Co-HITS algorithm and its application to bipartite graphs},
 booktitle = {Proceedings of the 15th ACM SIGKDD international conference on Knowledge discovery and data mining},
 series = {KDD '09},
 year = {2009},
}


@article{Kleinberg-1999-jacm,
 author = {Kleinberg, Jon M.},
 title = {Authoritative sources in a hyperlinked environment},
 journal = {J. ACM},
 issue_date = {Sept. 1999},
 volume = {46},
 number = {5},
 month = sep,
 year = {1999},
} 


@inproceedings{newman-naacl-2010,
  author={David Newman and Jey Han Lau and Karl Grieser and Timothy Baldwin},
  title={Automatic Evaluation of Topic Coherence},
  booktitle={NAACL},
  year={2010},
}


@inproceedings{Romero-www-2011,
 author = {Romero, Daniel M. and Galuba, Wojciech and Asur, Sitaram and Huberman, Bernardo A.},
 title = {Influence and passivity in social media},
 booktitle = {Proceedings of the 20th international conference companion on World wide web},
 series = {WWW '11},
 year = {2011},
} 


@article{aek-tist-2012,
  author    = {Palakorn Achananuparp and
               Ee-Peng Lim and
               Jing Jiang and
               Tuan-Anh Hoang},
  title     = {Who is Retweeting the Tweeters? Modeling, Originating, and
               Promoting Behaviors in the Twitter Network},
  journal   = {ACM Trans. Management Inf. Syst.},
  volume    = {3},
  number    = {3},
  year      = {2012},
}

@inproceedings{Jin-cikm-2011,
 author = {Jin, Ou and Liu, Nathan N. and Zhao, Kai and Yu, Yong and Yang, Qiang},
 title = {Transferring topical knowledge from auxiliary long texts for short text clustering},
 booktitle = {Proceedings of the 20th ACM international conference on Information and knowledge management},
 series = {CIKM '11},
 year = {2011},
} 


@inproceedings{ramage-icwsm-2010,
  author    = {Daniel Ramage and
               Susan T. Dumais and
               Daniel J. Liebling},
  title     = {Characterizing Microblogs with Topic Models},
  booktitle = {ICWSM},
  year      = {2010},
}

@InProceedings{diao-acl-2012,
  author    = {Diao, Qiming  and  Jiang, Jing  and  Zhu, Feida  and  Lim, Ee-Peng},
  title     = {Finding Bursty Topics from Microblogs},
  booktitle = {Proceedings of the 50th Annual Meeting of the Association for Computational Linguistics (Volume 1: Long Papers)},
  month     = {July},
  year      = {2012},
}


@inproceedings{Hong-soma-2010,
 author = {Hong, Liangjie and Davison, Brian D.},
 title = {Empirical study of topic modeling in Twitter},
 booktitle = {Proceedings of the First Workshop on Social Media Analytics},
 series = {SOMA '10},
 year = {2010},
} 

@inproceedings{Deng-kdd-2011,
 author = {Deng, Hongbo and Han, Jiawei and Zhao, Bo and Yu, Yintao and Lin, Cindy Xide},
 title = {Probabilistic topic models with biased propagation on heterogeneous information networks},
 booktitle = {Proceedings of the 17th ACM SIGKDD international conference on Knowledge discovery and data mining},
 series = {KDD '11},
 year = {2011},
} 

@inproceedings{Hofmann-sigir-1999,
 author = {Hofmann, Thomas},
 title = {Probabilistic latent semantic indexing},
 booktitle = {Proceedings of the 22nd annual international ACM SIGIR conference on Research and development in information retrieval},
 series = {SIGIR},
 year = {1991}
} 

@inproceedings{mimno-kdd-2007,
  author={David Mimno and Andrew McCallum},
  title={Expertise Modeling for Matching Papers with Reviewers},
  booktitle={KDD},
  year={2007},
}


@inproceedings{McCallum-ijcai-2005,
 author = {McCallum, Andrew and Corrada-Emmanuel, Andr{\'e}s and Wang, Xuerui},
 title = {Topic and role discovery in social networks},
 booktitle = {Proceedings of the 19th international joint conference on Artificial intelligence},
 series = {IJCAI'05},
 year = {2005},
} 


@inproceedings{Zhou-kdd-2012,
 author = {Zhou, Wenjun and Jin, Hongxia and Liu, Yan},
 title = {Community discovery and profiling with social messages},
 booktitle = {Proceedings of the 18th ACM SIGKDD international conference on Knowledge discovery and data mining},
 series = {KDD '12},
 year = {2012},
 isbn = {978-1-4503-1462-6},
 location = {Beijing, China},
 pages = {388--396},
 numpages = {9},
 url = {http://doi.acm.org/10.1145/2339530.2339593},
 doi = {10.1145/2339530.2339593},
 acmid = {2339593},
 publisher = {ACM},
 address = {New York, NY, USA},
 keywords = {collaboration, community discovery, email, generative models, social media},
} 


@inproceedings{wu-www-2011,
  author    = {Shaomei Wu and
               Jake M. Hofman and
               Winter A. Mason and
               Duncan J. Watts},
  title     = {Who says what to whom on twitter},
  booktitle = {WWW},
  year      = {2011},
}

@inproceedings{tang-cikm-2011,
  author    = {John E. Hopcroft and
               Tiancheng Lou and
               Jie Tang},
  title     = {Who will follow you back?: reciprocal relationship prediction},
  booktitle = {CIKM},
  year      = {2011},
}

@inproceedings{welch-wsdm-2011,
  author    = {Michael J. Welch and
               Uri Schonfeld and
               Dan He and
               Junghoo Cho},
  title     = {Topical semantics of twitter links},
  booktitle = {WSDM},
  year      = {2011},
}

@inproceedings{yin-sigir-2011,
  author    = {Dawei Yin and
               Liangjie Hong and
               Xiong Xiong and
               Brian D. Davison},
  title     = {Link formation analysis in microblogs},
  booktitle = {SIGIR},
  year      = {2011},
  pages     = {1235-1236},
  ee        = {http://doi.acm.org/10.1145/2009916.2010136},
  crossref  = {DBLP:conf/sigir/2011},
  bibsource = {DBLP, http://dblp.uni-trier.de}
}

@inproceedings{janette-www-2012,
  author    = {Janette Lehmann and
               Bruno Gon\c{c}alves and
               Jose J. Ramasco and
               Ciro Cattuto},
  title     = {Dynamical classes of collective attention in twitter},
  booktitle = {WWW},
  year      = {2012},
}

@inproceedings{daniel-www-2011,
  author    = {Daniel M. Romero and
               Brendan Meeder and
               Jon M. Kleinberg},
  title     = {Differences in the mechanics of information diffusion across
               topics: idioms, political hashtags, and complex contagion
               on twitter},
  booktitle = {WWW},
  year      = {2011},
}

@inproceedings{wang-cikm-2011,
  author    = {Xiaolong Wang and
               Furu Wei and
               Xiaohua Liu and
               Ming Zhou and
               Ming Zhang},
  title     = {Topic sentiment analysis in twitter: a graph-based hashtag
               sentiment classification approach},
  booktitle = {CIKM},
  year      = {2011},
}

@inproceedings{tsur-wsdm-2012,
  author    = {Oren Tsur and
               Ari Rappoport},
  title     = {What's in a hashtag?: content based prediction of the spread
               of ideas in microblogging communities},
  booktitle = {WSDM},
  year      = {2012},
 }

@inproceedings{hong-www-2012,
  author    = {Liangjie Hong and
               Amr Ahmed and
               Siva Gurumurthy and
               Alexander J. Smola and
               Kostas Tsioutsiouliklis},
  title     = {Discovering geographical topics in the twitter stream},
  booktitle = {WWW},
  year      = {2012},
}

@inproceedings{yin-kdd-2010,
  author    = {Dawei Yin and
               Zhenzhen Xue and
               Liangjie Hong and
               Brian D. Davison},
  title     = {A probabilistic model for personalized tag prediction},
  booktitle = {KDD},
  year      = {2010},
}


@inproceedings{yin-aaai-2011,
  author    = {Dawei Yin and
               Liangjie Hong and
               Zhenzhen Xue and
               Brian D. Davison},
  title     = {Temporal Dynamics of User Interests in Tagging Systems},
  booktitle = {AAAI},
  year      = {2011},
}

@article{arnold-siam-1998,
author = {Arnold Neumaier and SIAM REV},
title = {{Solving Ill-Conditioned and Singular Linear Systems: A Tutorial on Regularization}},
journal = {Siam Review},
volume = {40},
year = {1998},
issue = {3},
}

@inproceedings{mei-www-2012,
  author    = {Lei Yang and
               Tao Sun and
               Ming Zhang and
               Qiaozhu Mei},
  title     = {We know what @you \#tag: does the dual role affect hashtag
               adoption?},
  booktitle = {WWW},
  year      = {2012},
 }

@inproceedings{mark-kdd-2004,
  author    = {Mark Steyvers and
               Padhraic Smyth and
               Michal Rosen-Zvi and
               Thomas L. Griffiths},
  title     = {Probabilistic author-topic models for information discovery},
  booktitle = {KDD},
  year      = {2004},
}

@inproceedings{zhao-ecir-2011,
  author    = {Wayne Xin Zhao and
               Jing Jiang and
               Jianshu Weng and
               Jing He and
               Ee-Peng Lim and
               Hongfei Yan and
               Xiaoming Li},
  title     = {Comparing Twitter and Traditional Media Using Topic Models},
  booktitle = {ECIR},
  year      = {2011},
}

@inproceedings{aris-kdd-2008,
  author    = {Aris Anagnostopoulos and
               Ravi Kumar and
               Mohammad Mahdian},
  title     = {Influence and correlation in social networks},
  booktitle = {KDD},
  year      = {2008},
}

@inproceedings{shi-kdd-2009,
  author    = {Xiaolin Shi and
               Jun Zhu and
               Rui Cai and
               Lei Zhang},
  title     = {User grouping behavior in online forums},
  booktitle = {KDD},
  year      = {2009},
}

@inproceedings{guo-kdd-2009,
  author    = {Lei Guo and
               Enhua Tan and
               Songqing Chen and
               Xiaodong Zhang and
               Yihong Eric Zhao},
  title     = {Analyzing patterns of user content generation in online
               social networks},
  booktitle = {KDD},
  year      = {2009},
}

@inproceedings{amr-sigkdd-2011,
  author    = {Amr Ahmed and
               Yucheng Low and
               Mohamed Aly and
               Vanja Josifovski and
               Alexander J. Smola},
  title     = {Scalable distributed inference of dynamic user interests
               for behavioral targeting},
  booktitle = {KDD},
  year      = {2011},
 }


@inproceedings{han-icde-2012,
  author    = {Jiawei Han and
               Yizhou Sun and
               Xifeng Yan and
               Philip S. Yu},
  title     = {Mining Knowledge from Data: An Information Network Analysis
               Approach},
  booktitle = {ICDE},
  year      = {2012},
}

@inproceedings{wang-sigir-2011,
  author    = {Chi Wang and
               Rajat Raina and
               David Fong and
               Ding Zhou and
               Jiawei Han and
               Greg J. Badros},
  title     = {Learning relevance from heterogeneous social network and
               its application in online targeting},
  booktitle = {SIGIR},
  year      = {2011},
}

@inproceedings{eytan-wsdm-2011,
  author    = {Eytan Bakshy and
               Jake M. Hofman and
               Winter A. Mason and
               Duncan J. Watts},
  title     = {Everyone's an influencer: quantifying influence on twitter},
  booktitle = {WSDM},
  year      = {2011},
}

@inproceedings{weng-wsdm-2010,
  author    = {Jianshu Weng and
               Ee-Peng Lim and
               Jing Jiang and
               Qi He},
  title     = {TwitterRank: finding topic-sensitive influential twitterers},
  booktitle = {WSDM},
  year      = {2010},
}


@inproceedings{kawk-www-2010,
  author    = {Haewoon Kwak and
               Changhyun Lee and
               Hosung Park and
               Sue B. Moon},
  title     = {What is Twitter, a social network or a news media?},
  booktitle = {WWW},
  year      = {2010},
}

@inproceedings{ma-recsys-2009,
  author    = {Hao Ma and
               Michael R. Lyu and
               Irwin King},
  title     = {Learning to recommend with trust and distrust relationships},
  booktitle = {RecSys},
  year      = {2009},
}

@inproceedings{ma-wsdm-2011,
  author    = {Hao Ma and
               Dengyong Zhou and
               Chao Liu and
               Michael R. Lyu and
               Irwin King},
  title     = {Recommender systems with social regularization},
  booktitle = {WSDM},
  year      = {2011},
 }

@inproceedings{zhou-icml-2005,
  author    = {Dengyong Zhou and
               Jiayuan Huang and
               Bernhard Sch{\"o}lkopf},
  title     = {Learning from labeled and unlabeled data on a directed graph},
  booktitle = {ICML},
  year      = {2005},
}

@inproceedings{zhou-nips-2004,
  author    = {Dengyong Zhou and
               Bernhard Sch{\"o}lkopf and
               Thomas Hofmann},
  title     = {Semi-supervised Learning on Directed Graphs},
  booktitle = {NIPS},
  year      = {2004},
  ee        = {http://books.nips.cc/papers/files/nips17/NIPS2004_0540.pdf},
  crossref  = {DBLP:conf/nips/2004},
  bibsource = {DBLP, http://dblp.uni-trier.de}
}

@inproceedings{zhou-nips-2003,
  author    = {Dengyong Zhou and
               Olivier Bousquet and
               Thomas Navin Lal and
               Jason Weston and
               Bernhard Sch{\"o}lkopf},
  title     = {Learning with Local and Global Consistency},
  booktitle = {NIPS},
  year      = {2003},
  }

@inproceedings{Li-sigir-2008,
 author = {Li, Xiao and Wang, Ye-Yi and Acero, Alex},
 title = {Learning query intent from regularized click graphs},
 booktitle  = {SIGIR},
 year = {2008},
} 

@inproceedings{Ji-sigir-2011,
 author = {Ji, Ming and Yan, Jun and Gu, Siyu and Han, Jiawei and He, Xiaofei and Zhang, Wei Vivian and Chen, Zheng},
 title = {Learning search tasks in queries and web pages via graph regularization},
 booktitle = {SIGIR},
 year = {2011},
} 



@inproceedings{mei-kdd-2009,
  author    = {Zhijun Yin and
               Rui Li and
               Qiaozhu Mei and
               Jiawei Han},
  title     = {Exploring social tagging graph for web object classification},
  booktitle = {KDD},
  year      = {2009},

}

@inproceedings{guan-sigir-2009,
   author              = {Ziyu Guan and 
                          Jiajun Bu and 
                          Qiaozhu Mei and 
                          Chun Chen and 
                          Can Wang and 
                          Can Wang},
   title               = {Personalized tag recommendation using graph-based ranking on multi-type interrelated objects.},
   booktitle           = {SIGIR},
   year                = {2009},
 }

@inproceedings{mei-sigir-2009,
   author              = {Qiaozhu Mei and 
                          Duo Zhang and 
                          Chengxiang Zhai},
   title               = {A General Optimization Framework for Smoothing Language Models on Graph Structures},
   booktitle           = {SIGIR},
   year                = {2008},
}
@inproceedings{ma-sigir-2009,
   author              = {Hao Ma and 
                          Irwin King and 
                          Michael R. Lyu and 
                          Michael R. Lyu},
   title               = {Learning to recommend with social trust ensemble.},
   booktitle           = {SIGIR},
   year                = {2009},
}

@inproceedings{mei-www-2008,
   author              = {Qiaozhu Mei and 
                          Deng Cai and 
                          Duo Zhang and 
                          Chengxiang Zhai},
   booktitle           = {WWW},
   title               = {Topic modeling with network regularization},
   year                = {2008},
}

@inproceedings{jie-kdd-2009,
   author              = {Jie Tang and 
                          Jimeng Sun and 
                          Chi Wang and 
                          Zi Yang and 
                          Zi Yang},
   title               = {Social influence analysis in large-scale networks.},
   booktitle           = {KDD},
   year                = {2009},
   pages               = {807-816},
}


@InProceedings{yan:emnlp2011,
  author    = {Yan, Rui  and  Kong, Liang  and  Huang, Congrui  and  Wan, Xiaojun  and  Li, Xiaoming  and  Zhang, Yan},
  title     = {Timeline Generation through Evolutionary Trans-Temporal Summarization},
  booktitle = {EMNLP},
  year      = {2011},
}

@inproceedings{fung:kdd07,
 author = {Fung, Gabriel Pui Cheong and Yu, Jeffrey Xu and Liu, Huan and Yu, Philip S.},
 title = {Time-dependent event hierarchy construction},
 booktitle = {SIGKDD},
 year = {2007}
}

@article{zhai:ftir2008,
    author = {Zhai, Cheng{X}iang},
    title = {Statistical Language Models for Information Retrieval: A Critical Review},
    journal = {Foundations and Trends in Information Retrieval},
    year = {2008}
}

@inproceedings{he:sdm2007,
  author    = {Qi He and
               Kuiyu Chang and
               Ee-Peng Lim and
               Jun Zhang},
  title     = {Bursty Feature Representation for Clustering Text Streams},
  booktitle = {SDM},
  year      = {2007}
}

@inproceedings{brill:hlt91,
 author = {Brill, Eric},
 title = {A simple rule-based part of speech tagger},
 booktitle = {Proceedings of the workshop on Speech and Natural Language},
 year = {1992},
}



@inproceedings{he:sigir07,
 author = {He, Qi and Chang, Kuiyu and Lim, Ee-Peng},
 title = {Analyzing feature trajectories for event detection},
 booktitle = {SIGIR},
 year = {2007},
 }

@article{kleinberg:dmkd03,
  title={Bursty and hierarchical structure in streams},
  author={Kleinberg, J.},
  journal={Data Mining and Knowledge Discovery},
  year={2003}
}

@book{allan:kluwer02,
 author = {Allan, James},
 title = {Topic Detection and Tracking: Event-Based Information Organization},
 year = {2002}
}

@inproceedings{allan:cikm00,
 author = {Allan, James and Lavrenko, Victor and Jin, Hubert},
 title = {First story detection in {TDT} is hard},
 booktitle = {Proceedings of the ninth international conference on Information and knowledge management},
 year = {2000}
}

@inproceedings{fung:vldb05,
 author = {Fung, Gabriel Pui Cheong and Yu, Jeffrey Xu and Yu, Philip S. and Lu, Hongjun},
 title = {Parameter free bursty events detection in text streams},
 booktitle = {VLDB},
 year = {2005}
}

@article{kumar:www05,
    author = {Kumar, Ravi and Novak, Jasmine and Raghavan, Prabhakar and Tomkins, Andrew},
    title = {On the Bursty Evolution of Blogspace},
    journal = {World Wide Web},
    year = {2005}
 }

@inproceedings{swan:sigir00,
 author = {Swan, Russell and Allan, James},
 title = {Automatic generation of overview timelines},
 booktitle = {SIGIR},
 year = {2000}
}

@inproceedings{yang:sigir98,
 author = {Yang, Yiming and Pierce, Tom and Carbonell, Jaime},
 title = {A study of retrospective and on-line event detection},
 booktitle = {SIGIR},
 year = {1998}
}

@inproceedings{vlachos:sigmod04,
 author = {Vlachos, Michail and Meek, Christopher and Vagena, Zografoula and Gunopulos, Dimitrios},
 title = {Identifying similarities, periodicities and bursts for online search queries},
 booktitle = {SIGMOD},
 year = {2004}
}

@inproceedings{wang:kdd07,
 author = {Wang, Xuanhui and Zhai, ChengXiang and Hu, Xiao and Sproat, Richard},
 title = {Mining correlated bursty topic patterns from coordinated text streams},
 booktitle = {Proceedings of the 13th ACM SIGKDD international conference on Knowledge discovery and data mining},
 year = {2007}
}

@inproceedings{parikh:kdd08,
 author = {Parikh, Nish and Sundaresan, Neel},
 title = {Scalable and near real-time burst detection from eCommerce queries},
 booktitle = {Proceeding of the 14th ACM SIGKDD international conference on Knowledge discovery and data mining},
 year = {2008}
 }

@inproceedings{lappas:kdd09,
 author = {Lappas, Theodoros and Arai, Benjamin and Platakis, Manolis and Kotsakos, Dimitrios and Gunopulos, Dimitrios},
 title = {On burstiness-aware search for document sequences},
 booktitle = {Proceedings of the 15th ACM SIGKDD international conference on Knowledge discovery and data mining},
 year = {2009}
 }


@inproceedings{patrick:hlt2004,
  author    = {Patrick Pantel and
               Deepak Ravichandran},
  title     = {Automatically Labeling Semantic Classes},
  booktitle = {HLT-NAACL},
  year      = {2004}
}

@INPROCEEDINGS{patwardhan:eacl06,
    author = {Siddharth Patwardhan},
    title = {Using WordNet-based context vectors to estimate the semantic relatedness of concepts},
    booktitle = {In: Proceedings of the EACL},
    year = {2006}
}


@inproceedings{mei:kdd06,
 author = {Mei, Qiaozhu and Xin, Dong and Cheng, Hong and Han, Jiawei and Zhai, ChengXiang},
 title = {Generating semantic annotations for frequent patterns with context analysis},
 booktitle = {Proceedings of the 12th ACM SIGKDD international conference on Knowledge discovery and data mining},
 year = {2006}
 }

@inproceedings{mei:kdd07,
 author = {Mei, Qiaozhu and Shen, Xuehua and Zhai, ChengXiang},
 title = {Automatic labeling of multinomial topic models},
 booktitle = {Proceedings of the 13th ACM SIGKDD international conference on Knowledge discovery and data mining},
 year = {2007}
 }

@inproceedings{zhai:cikm01,
 author = {Zhai, Chengxiang and Lafferty, John},
 title = {Model-based feedback in the language modeling approach to information retrieval},
 booktitle = {Proceedings of the tenth international conference on Information and knowledge management},
 year = {2001}
 }

@article{dempster:jrss77,
        title = {Maximum likelihood from incomplete data via the EM algorithm},
        author = {A. P. Dempster and N. M. Laird and D. B. Rubin},
        journal = {Journal of the Royal Statistical Society},
        year = 1977
}

@inproceedings{tao:sigir06,
 author = {Tao, Tao and Zhai, ChengXiang},
 title = {Regularized estimation of mixture models for robust pseudo-relevance feedback},
 booktitle = {Proceedings of the 29th annual international ACM SIGIR conference on Research and development in information retrieval},
 year = {2006}
}

@ARTICLE{blei:jmlr03,
    author = {David M. Blei and Andrew Y. Ng and Michael I. Jordan},
    title = {Latent Dirichlet Allocation},
    journal = {J. Mach. Learn. Res.},
    year = {2003},
}

@article{jarerlin:tis02,
 author = {J\"{a}rvelin, Kalervo and Kek\"{a}l\"{a}inen, Jaana},
 title = {Cumulated gain-based evaluation of IR techniques},
 journal = {ACM Trans. Inf. Syst.},
 year = {2002}
}


@inproceedings{huang:cikm2008,
	title = {Achieving both high precision and high recall in near-duplicate detection},
	booktitle = {CIKM},
	author = {L. Huang and L. Wang and X. Li},
	year = {2008},
}

@inproceedings{he:icdm2007,
	title = {Using burstiness to improve clustering of topics in news streams},
	booktitle = {ICDM},
	author = {Q. He and K. Chang and E. P. Lim},
	year = {2007},
}

@misc{website:cluto,
    title = "CLUTO Clustering Toolkit",
    howpublished = "\url{http://www.cs.umn.edu/~karypis/cluto}"
}


@inproceedings{zhao:cikm2002,
	title = {Evaluation of hierarchical clustering algorithms for document datasets},
	isbn = {1581134924},
	booktitle = {Proceedings of the eleventh international conference on Information and knowledge management},
	publisher = {{ACM}},
	author = {Y. Zhao and G. Karypis},
	year = {2002},
	pages = {515--524}
}


@inproceedings{swan_extracting_1999,
	title = {Extracting significant time varying features from text},
	isbn = {1581131461},
	publisher = {{ACM}},
	author = {R. Swan and J. Allan},
	year = {1999},
	pages = {38--45},
}

@inproceedings{swan_timemines:_2000,
	title = {Timemines: Constructing timelines with statistical models of word usage},
	booktitle = {{KDD-2000} Workshop on Text Mining},
	publisher = {Citeseer},
	author = {R. Swan and D. Jensen},
	year = {2000},
	pages = {73¨C80}
}
